<?xml version="1.0" encoding="utf-8"?>
<record xmlns="http://www.loc.gov/MARC21/slim" xmlns:xsi="http://www.w3.org/2001/XMLSchema-instance" xsi:schemaLocation="http://www.loc.gov/MARC21/slim http://www.loc.gov/standards/marcxml/schema/MARC21slim.xsd">
	<leader>
		02549nam a2200433   4500
	</leader>
	<controlfield tag="001">
		321611
	</controlfield>
	<controlfield tag="003">
		NjP
	</controlfield>
	<controlfield tag="006">
		m        d        
	</controlfield>
	<controlfield tag="007">
		cr cn |||m|||a
	</controlfield>
	<controlfield tag="008">
		151002s1984    ir      od    000 0 arard
	</controlfield>
	<datafield ind1=" " ind2=" " tag="040">
		<subfield code="a">
			NNU
		</subfield>
		<subfield code="b">
			eng
		</subfield>
		<subfield code="e">
			rda
		</subfield>
		<subfield code="c">
			NNU
		</subfield>
	</datafield>
	<datafield ind1="0" ind2=" " tag="041">
		<subfield code="a">
			ara
		</subfield>
		<subfield code="a">
			mul
		</subfield>
	</datafield>
	<datafield ind1=" " ind2="4" tag="050">
		<subfield code="a">
			PJ6620
		</subfield>
		<subfield code="b">
			.I1541 1984
		</subfield>
	</datafield>
	<datafield ind1="1" ind2=" " tag="100">
		<subfield code="a">
			Ibn Manẓūr, Muḥammad ibn Mukarram,
		</subfield>
		<subfield code="d">
			1232-1311 or 1312.
		</subfield>
	</datafield>
	<datafield ind1="1" ind2="0" tag="245">
		<subfield code="a">
			Lisān al-ʻArab /
		</subfield>
		<subfield code="c">
			li-Abī al-Faḍl Jamāl al-Dīn Muḥammad ibn Mukarram ibn Manẓūr al-Afrīqī al-Miṣrī.
		</subfield>
	</datafield>
	<datafield ind1="3" ind2=" " tag="246">
		<subfield code="a">
			Muṣṭalaḥāt al-ʻilmīyah wa-al-fannīyah
		</subfield>
	</datafield>
	<datafield ind1=" " ind2=" " tag="260">
		<subfield code="a">
			Qum, Īrān :
		</subfield>
		<subfield code="b">
			Adab al-Ḥawzah,
		</subfield>
		<subfield code="c">
			1405 [1984]
		</subfield>
	</datafield>
	<datafield ind1=" " ind2=" " tag="300">
		<subfield code="a">
			online resource (18 volumes in 16)
		</subfield>
	</datafield>
	<datafield ind1=" " ind2=" " tag="336">
		<subfield code="a">
			text
		</subfield>
		<subfield code="2">
			rdacontent
		</subfield>
	</datafield>
	<datafield ind1=" " ind2=" " tag="337">
		<subfield code="a">
			computer
		</subfield>
		<subfield code="2">
			rdamedia
		</subfield>
	</datafield>
	<datafield ind1=" " ind2=" " tag="338">
		<subfield code="a">
			online resource
		</subfield>
		<subfield code="2">
			rdacarrier
		</subfield>
	</datafield>
	<datafield ind1=" " ind2=" " tag="500">
		<subfield code="a">
			Vols. 16-18 have title: Muṣṭalaḥāt al-ʻilmīyah wa-al-fannīyah / iʻdad wa-taṣnīf, Yūsuf Khayyāṭ wa-Nadīm Marʻashlī.
		</subfield>
	</datafield>
	<datafield ind1=" " ind2=" " tag="500">
		<subfield code="a">
			Part of the Arabic Collections Online (ACO) project, contributed by Princeton University Libraries.
		</subfield>
	</datafield>
	<datafield ind1=" " ind2=" " tag="533">
		<subfield code="a">
			Electronic reproduction.
		</subfield>
		<subfield code="b">
			New York, N.Y. :
		</subfield>
		<subfield code="c">
			New York University,
		</subfield>
		<subfield code="d">
			2015.
		</subfield>
		<subfield code="5">
			NNU
		</subfield>
	</datafield>
	<datafield ind1=" " ind2="0" tag="650">
		<subfield code="a">
			Arabic language
		</subfield>
		<subfield code="v">
			Dictionaries.
		</subfield>
	</datafield>
	<datafield ind1=" " ind2="0" tag="650">
		<subfield code="a">
			Science
		</subfield>
		<subfield code="v">
			Dictionaries
		</subfield>
		<subfield code="x">
			Arabic.
		</subfield>
	</datafield>
	<datafield ind1=" " ind2="0" tag="650">
		<subfield code="a">
			Science
		</subfield>
		<subfield code="v">
			Dictionaries
		</subfield>
		<subfield code="x">
			Polyglot.
		</subfield>
	</datafield>
	<datafield ind1=" " ind2="7" tag="650">
		<subfield code="a">
			Arabic language.
		</subfield>
		<subfield code="2">
			fast
		</subfield>
		<subfield code="0">
			(OCoLC)fst00812287
		</subfield>
	</datafield>
	<datafield ind1=" " ind2="7" tag="650">
		<subfield code="a">
			Science.
		</subfield>
		<subfield code="2">
			fast
		</subfield>
		<subfield code="0">
			(OCoLC)fst01108176
		</subfield>
	</datafield>
	<datafield ind1=" " ind2="7" tag="655">
		<subfield code="a">
			Dictionaries.
		</subfield>
		<subfield code="2">
			fast
		</subfield>
		<subfield code="0">
			(OCoLC)fst01423826
		</subfield>
	</datafield>
	<datafield ind1="1" ind2=" " tag="700">
		<subfield code="a">
			Marʻashlī, Nadīm.
		</subfield>
	</datafield>
	<datafield ind1="1" ind2=" " tag="700">
		<subfield code="a">
			Khayyāṭ, Yūsuf.
		</subfield>
		<subfield code="t">
			Muṣṭalaḥāt al-ʻilmīyah wa-al-fannīyah.
		</subfield>
	</datafield>
	<datafield ind1="2" ind2=" " tag="710">
		<subfield code="a">
			Princeton University.
		</subfield>
		<subfield code="b">
			Library.
		</subfield>
	</datafield>
	<datafield ind1="0" ind2=" " tag="730">
		<subfield code="a">
			Arabic Collections Online.
		</subfield>
	</datafield>
	<datafield ind1="0" ind2="8" tag="776">
		<subfield code="i">
			Online version:
		</subfield>
		<subfield code="a">
			Ibn Manẓūr, Muḥammad ibn Mukarram, 1232-1311 or 12.
		</subfield>
		<subfield code="t">
			Lisān al-ʻArab.
		</subfield>
		<subfield code="d">
			Qum, Īrān : Adab al-Ḥawzah, 1405 [1984]
		</subfield>
		<subfield code="w">
			(OCoLC)613120151
		</subfield>
	</datafield>
	<datafield ind1="0" ind2="8" tag="776">
		<subfield code="i">
			Print version:
		</subfield>
		<subfield code="a">
			Ibn Manẓūr, Muḥammad ibn Mukarram, 1232-1311 or 1312.
		</subfield>
		<subfield code="t">
			Lisān al-ʻArab
		</subfield>
		<subfield code="w">
			(NjP)321611
		</subfield>
		<subfield code="w">
			(OCoLC)13541001
		</subfield>
	</datafield>
	<datafield ind1="4" ind2="0" tag="856">
		<subfield code="u">
			http://hdl.handle.net/2333.1/83bk3n70
		</subfield>
	</datafield>
	<datafield ind1=" " ind2=" " tag="959">
		<subfield code="a">
			NNU
		</subfield>
		<subfield code="b">
			WEB
		</subfield>
		<subfield code="c">
			GENI
		</subfield>
		<subfield code="t">
			0
		</subfield>
		<subfield code="m">
			Electronic access
		</subfield>
		<subfield code="s">
			01
		</subfield>
	</datafield>
	<datafield ind1=" " ind2=" " tag="999">
		<subfield code="i">
			NjP_321611
		</subfield>
		<subfield code="o">
			(OCoLC)ocm13541001 
		</subfield>
		<subfield code="s">
			princeton_aco000153:v.1
		</subfield>
		<subfield code="s">
			princeton_aco000154:v.2
		</subfield>
		<subfield code="s">
			princeton_aco000155:v.3
		</subfield>
		<subfield code="s">
			princeton_aco000156:v.4
		</subfield>
		<subfield code="s">
			princeton_aco000157:v.5
		</subfield>
		<subfield code="s">
			princeton_aco000158:v.6
		</subfield>
		<subfield code="s">
			princeton_aco000159:v.7
		</subfield>
		<subfield code="s">
			princeton_aco000160:v.8
		</subfield>
		<subfield code="s">
			princeton_aco000161:v.9
		</subfield>
		<subfield code="s">
			princeton_aco000162:v.10
		</subfield>
		<subfield code="s">
			princeton_aco000163:v.11
		</subfield>
		<subfield code="s">
			princeton_aco000164:v.12
		</subfield>
		<subfield code="s">
			princeton_aco000165:v.13
		</subfield>
		<subfield code="s">
			princeton_aco000166:v.14
		</subfield>
		<subfield code="s">
			princeton_aco000167:v.15
		</subfield>
		<subfield code="e">
			(ERROR-880)
		</subfield>
	</datafield>
</record>
